\bibliographystyle{plain}
@article{S1,
  title={Monocular pedestrian detection: Survey and experiments},
  author={Enzweiler, Markus and Gavrila, Dariu M},
  journal={Pattern Analysis and Machine Intelligence, IEEE Transactions on},
  volume={31},
  number={12},
  pages={2179--2195},
  year={2009},
  publisher={IEEE}
}
@article{S2,
  title={Pedestrian detection: An evaluation of the state of the art},
  author={Dollar, Piotr and Wojek, Christian and Schiele, Bernt and Perona, Pietro},
  journal={Pattern Analysis and Machine Intelligence, IEEE Transactions on},
  volume={34},
  number={4},
  pages={743--761},
  year={2012},
  publisher={IEEE}
}
@incollection{S3,
year={2015},
isbn={978-3-319-16180-8},
booktitle={Computer Vision - ECCV 2014 Workshops},
volume={8926},
series={Lecture Notes in Computer Science},
editor={Agapito, Lourdes and Bronstein, Michael M. and Rother, Carsten},
title={Ten Years of Pedestrian Detection, What Have We Learned?},
publisher={Springer International Publishing},
author={Benenson, Rodrigo and Omran, Mohamed and Hosang, Jan and Schiele, Bernt},
pages={613-627},
}
@incollection{W1,
  title={Deep Learning of Scene-Specific Classifier for Pedestrian Detection},
  author={Zeng, Xingyu and Ouyang, Wanli and Wang, Meng and Wang, Xiaogang},
  booktitle={Computer Vision--ECCV 2014},
  pages={472--487},
  year={2014},
  publisher={Springer}
}
@inproceedings{W2,
  title={Deepreid: Deep filter pairing neural network for person re-identification},
  author={Li, Wei and Zhao, Rui and Xiao, Tong and Wang, Xiaogang},
  booktitle={Computer Vision and Pattern Recognition (CVPR), 2014 IEEE Conference on},
  pages={152--159},
  year={2014},
  organization={IEEE}
}
@inproceedings{W3,
  title={Switchable deep network for pedestrian detection},
  author={Luo, Ping and Tian, Yonglong and Wang, Xiaogang and Tang, Xiaoou},
  booktitle={Computer Vision and Pattern Recognition (CVPR), 2014 IEEE Conference on},
  pages={899--906},
  year={2014},
  organization={IEEE}
}
@inproceedings{W4,
  title={Joint deep learning for pedestrian detection},
  author={Ouyang, Wanli and Wang, Xiaogang},
  booktitle={Computer Vision (ICCV), 2013 IEEE International Conference on},
  pages={2056--2063},
  year={2013},
  organization={IEEE}
}
@inproceedings{W5,
  title={Multi-stage contextual deep learning for pedestrian detection},
  author={Zeng, Xingyu and Ouyang, Wanli and Wang, Xiaogang},
  booktitle={Computer Vision (ICCV), 2013 IEEE International Conference on},
  pages={121--128},
  year={2013},
  organization={IEEE}
}
@inproceedings{W6,
  title={A discriminative deep model for pedestrian detection with occlusion handling},
  author={Ouyang, Wanli and Wang, Xiaogang},
  booktitle={Computer Vision and Pattern Recognition (CVPR), 2012 IEEE Conference on},
  pages={3258--3265},
  year={2012},
  organization={IEEE}
}
@inproceedings{W7,
  title={Pedestrian parsing via deep decompositional network},
  author={Luo, Ping and Wang, Xiaogang and Tang, Xiaoou},
  booktitle={Computer Vision (ICCV), 2013 IEEE International Conference on},
  pages={2648--2655},
  year={2013},
  organization={IEEE}
}
@inproceedings{R1,
	title = {Filtered Channel Features for Pedestrian Detection},
	booktitle = {IEEE Conference on Computer Vision and Pattern Recognition (CVPR)},
	year = {2015},
	month = {June},
	author = {Shanshan Zhang and Benenson, Rodrigo and Schiele, Bernt}
}
@inproceedings{R2,
	title = {How good are detection proposals, really?},
	booktitle = {British Machine Vision Conference (BMVC)},
	year = {2014},
	month = {September},
	publisher = {British Machine Vision Association},
	organization = {British Machine Vision Association},
	attachments = {https://www.d2.mpi-inf.mpg.de/sites/default/files/2014_bmvc_candidate_detections_with_supplementary.pdf},
	author = {Hosang, Jan and Benenson, Rodrigo and Schiele, Bernt}
}
@article{R3,
	title = {What makes for effective detection proposals?},
	journal = {arXiv},
	year = {2015},
	author = {Hosang, Jan and Benenson, Rodrigo and Piotr Doll{\'a}r and Schiele, Bernt}
}
@inproceedings{R4,
	title = {Taking a Deeper Look at Pedestrians},
	booktitle = {IEEE Conference on Computer Vision and Pattern Recognition (CVPR)},
	year = {2015},
	month = {June},
	author = {Hosang, Jan and Mohamed Omran and Benenson, Rodrigo and Schiele, Bernt}
}
@INPROCEEDINGS{R5,
  author = {M. Mathias and R. Benenson and R. Timofte and L. {Van Gool}},
  title = {Handling Occlusions with Franken-classifiers},
  booktitle = {ICCV},
  year = {2013}
}
@INPROCEEDINGS{R6,
  author = {R. Benenson and M. Mathias and R. Timofte and L. {Van Gool}},
  title = {Fast stixels estimation for fast pedestrian detection},
  booktitle = {ECCV, CVVT workshop},
  year = {2012}
}
@INPROCEEDINGS{R7,
  author = {R. Benenson and M. Mathias and R. Timofte and L. {Van Gool}},
  title = {Pedestrian detection at 100 frames per second},
  booktitle = {CVPR},
  year = {2012}
}
